@BOOK{Swami,
AUTHOR="Swami Bharati Krishna Tirtha",
TITLE="Vedic Mathematics and his friends"
}
@BOOK{athar,
AUTHOR="Rishis",
TITLE="atharvaveda"
}
